
%%%%%%%%%%%%%%%%%%%%%%%%%%%%%%%%%
%%%%%%%%% CARDIOLOGY %%%%%%%%%%%%%%%
%%%%%%%%%%%%%%%%%%%%%%%%%%%%%%%%%

@BOOK{deMotuCordis,
	TITLE = {Exerciatio anatomica de motu cordis et sanguinis in animalibus},
	SUBTITLE = {},
	AUTHOR = {Harvey, Williams},
	YEAR = {1628}, 
	PUBLISHER = {Frankfurt},
}

@book{franzone2014mathematical,
	title={Mathematical cardiac electrophysiology},
	author={Franzone, Piero Colli and Pavarino, Luca Franco and Scacchi, Simone},
	volume={13},
	year={2014},
	publisher={Springer}
}

@article{potse2006comparison,
	title={A comparison of monodomain and bidomain reaction-diffusion models for action potential propagation in the human heart},
	author={Potse, Mark and Dub{\'e}, Bruno and Richer, Jacques and Vinet, Alain and Gulrajani, Ramesh M},
	journal={IEEE Transactions on Biomedical Engineering},
	volume={53},
	number={12},
	pages={2425--2435},
	year={2006},
	publisher={IEEE}
}

@article{vincent2015high,
	title={High-order finite element methods for cardiac monodomain simulations},
	author={Vincent, Kevin P and Gonzales, Matthew J and Gillette, Andrew K and Villongco, Christopher T and Pezzuto, Simone and Omens, Jeffrey H and Holst, Michael J and McCulloch, Andrew D},
	journal={Frontiers in physiology},
	volume={6},
	pages={217},
	year={2015},
	publisher={Frontiers}
}

@article{colli2004parallel,
	title={A parallel solver for reaction--diffusion systems in computational electrocardiology},
	author={Colli Franzone, Piero and Pavarino, Luca F},
	journal={Mathematical models and methods in applied sciences},
	volume={14},
	number={06},
	pages={883--911},
	year={2004},
	publisher={World Scientific}
}

@ONLINE{WHO_statistics,
	author = {},
	title = {World Healt Organisation, Cardiovascular diseases},
	month = oct,
	year = {2018},
	url = {http://www.who.int/news-room/fact-sheets/detail/cardiovascular-diseases-(cvds)}
}

@ONLINE{cardiosmart,
	author = {American College of Cardiology},
	title = {cardiosmart, how the heart works},
	month = oct,
	year = {2018},
	url = {https://www.cardiosmart.org/Heart-Basics/How-the-Heart-Works}
}


%%%%%%%%%%%%%%%%%%%%%%%%%%%%%%%%%
%%%%%%% SPACE - TIME %%%%%%%%%%%%%%%%%
%%%%%%%%%%%%%%%%%%%%%%%%%%%%%%%%%

@incollection{gander201550,
	title={50 years of time parallel time integration},
	author={Gander, Martin J},
	booktitle={Multiple Shooting and Time Domain Decomposition Methods},
	pages={69--113},
	year={2015},
	publisher={Springer}
}

@article{gander2016analysis,
	title={Analysis of a new space-time parallel multigrid algorithm for parabolic problems},
	author={Gander, Martin J and NeumuÌˆller, Martin},
	journal={SIAM Journal on Scientific Computing},
	volume={38},
	number={4},
	pages={A2173--A2208},
	year={2016},
	publisher={SIAM}
}

%%%%%%%%%%%%%%%%%%%%%%%%%%%%%%%%%%
%%%%%%%%% LSFEM %%%%%%%%%%%%%%%%%%%%
%%%%%%%%%%%%%%%%%%%%%%%%%%%%%%%%%%

@book{bochev2009least,
	title={Least-squares finite element methods},
	author={Bochev, Pavel B and Gunzburger, Max D},
	volume={166},
	year={2009},
	publisher={Springer Science \& Business Media}
}

%%%%%%%%%%%%%%%%%%%%%%%%%%%%%%%%%%%
%%%%%%%%% MULTIGRID %%%%%%%%%%%%%%%%%%
%%%%%%%%%%%%%%%%%%%%%%%%%%%%%%%%%%%

